%% This BibTeX bibliography file was created using BibDesk.
%% http://bibdesk.sourceforge.net/


%% Created for Flip Tanedo at 2017-06-08 11:19:51 -0700 


%% Saved with string encoding Unicode (UTF-8) 



@inproceedings{Csaki:2016kln,
	Archiveprefix = {arXiv},
	Author = {Cs{\'a}ki, Csaba and Tanedo, Philip},
	Booktitle = {{Proceedings, 2013 European School of High-Energy Physics (ESHEP 2013): Paradfurdo, Hungary, June 5-18, 2013}},
	Date-Added = {2017-06-08 18:19:49 +0000},
	Date-Modified = {2017-06-08 18:19:49 +0000},
	Doi = {10.5170/CERN-2015-004.169},
	Eprint = {1602.04228},
	Pages = {169-268},
	Primaryclass = {hep-ph},
	Reportnumber = {UCI-TR-2016-01},
	Slaccitation = {%%CITATION = ARXIV:1602.04228;%%},
	Title = {{Beyond the Standard Model}},
	Url = {http://inspirehep.net/record/1422131/files/arXiv:1602.04228.pdf},
	Year = {2015},
	Bdsk-Url-1 = {http://inspirehep.net/record/1422131/files/arXiv:1602.04228.pdf},
	Bdsk-Url-2 = {http://dx.doi.org/10.5170/CERN-2015-004.169}}
